%YAML 1.1
%TAG !u! tag:unity3d.com,2011:
--- !u!1 &328146611665640027
GameObject:
  m_ObjectHideFlags: 0
  m_CorrespondingSourceObject: {fileID: 392522495578955391, guid: b82f1da022a6c3a43b8a7d7cd416f4b1,
    type: 3}
  m_PrefabInstance: {fileID: 6044939257046148723}
  m_PrefabAsset: {fileID: 0}
  serializedVersion: 6
  m_Component:
  - component: {fileID: 3656828916522527274}
  - component: {fileID: 5244275841516338806}
  - component: {fileID: 2122669677754105165}
  - component: {fileID: 6491322335589031263}
  m_Layer: 0
  m_Name: Capsule
  m_TagString: Untagged
  m_Icon: {fileID: 0}
  m_NavMeshLayer: 0
  m_StaticEditorFlags: 0
  m_IsActive: 1
--- !u!4 &3656828916522527274
Transform:
  m_ObjectHideFlags: 0
  m_CorrespondingSourceObject: {fileID: 3693198250672844302, guid: b82f1da022a6c3a43b8a7d7cd416f4b1,
    type: 3}
  m_PrefabInstance: {fileID: 6044939257046148723}
  m_PrefabAsset: {fileID: 0}
  m_GameObject: {fileID: 328146611665640027}
  m_LocalRotation: {x: 0, y: 0, z: 0, w: 1}
  m_LocalPosition: {x: 0, y: -1, z: 0}
  m_LocalScale: {x: 0.5, y: 2, z: 0.5}
  m_Children: []
  m_Father: {fileID: 7283103081406403394}
  m_RootOrder: 1
  m_LocalEulerAnglesHint: {x: 0, y: 0, z: 0}
--- !u!33 &5244275841516338806
MeshFilter:
  m_ObjectHideFlags: 0
  m_CorrespondingSourceObject: {fileID: 5276006185785309778, guid: b82f1da022a6c3a43b8a7d7cd416f4b1,
    type: 3}
  m_PrefabInstance: {fileID: 6044939257046148723}
  m_PrefabAsset: {fileID: 0}
  m_GameObject: {fileID: 328146611665640027}
  m_Mesh: {fileID: 10208, guid: 0000000000000000e000000000000000, type: 0}
--- !u!23 &2122669677754105165
MeshRenderer:
  m_ObjectHideFlags: 0
  m_CorrespondingSourceObject: {fileID: 2056586372449827177, guid: b82f1da022a6c3a43b8a7d7cd416f4b1,
    type: 3}
  m_PrefabInstance: {fileID: 6044939257046148723}
  m_PrefabAsset: {fileID: 0}
  m_GameObject: {fileID: 328146611665640027}
  m_Enabled: 1
  m_CastShadows: 1
  m_ReceiveShadows: 1
  m_DynamicOccludee: 1
  m_MotionVectors: 1
  m_LightProbeUsage: 1
  m_ReflectionProbeUsage: 1
  m_RenderingLayerMask: 1
  m_RendererPriority: 0
  m_Materials:
  - {fileID: 2100000, guid: a0d41ddb82dd734499773ddca95e655f, type: 2}
  m_StaticBatchInfo:
    firstSubMesh: 0
    subMeshCount: 0
  m_StaticBatchRoot: {fileID: 0}
  m_ProbeAnchor: {fileID: 0}
  m_LightProbeVolumeOverride: {fileID: 0}
  m_ScaleInLightmap: 1
  m_PreserveUVs: 0
  m_IgnoreNormalsForChartDetection: 0
  m_ImportantGI: 0
  m_StitchLightmapSeams: 0
  m_SelectedEditorRenderState: 3
  m_MinimumChartSize: 4
  m_AutoUVMaxDistance: 0.5
  m_AutoUVMaxAngle: 89
  m_LightmapParameters: {fileID: 0}
  m_SortingLayerID: 0
  m_SortingLayer: 0
  m_SortingOrder: 0
--- !u!136 &6491322335589031263
CapsuleCollider:
  m_ObjectHideFlags: 0
  m_CorrespondingSourceObject: {fileID: 6623253528147564923, guid: b82f1da022a6c3a43b8a7d7cd416f4b1,
    type: 3}
  m_PrefabInstance: {fileID: 6044939257046148723}
  m_PrefabAsset: {fileID: 0}
  m_GameObject: {fileID: 328146611665640027}
  m_Material: {fileID: 0}
  m_IsTrigger: 0
  m_Enabled: 1
  m_Radius: 0.5
  m_Height: 2
  m_Direction: 1
  m_Center: {x: 0, y: 0, z: 0}
--- !u!1 &1893641907873828246
GameObject:
  m_ObjectHideFlags: 0
  m_CorrespondingSourceObject: {fileID: 1997588274807146930, guid: b82f1da022a6c3a43b8a7d7cd416f4b1,
    type: 3}
  m_PrefabInstance: {fileID: 6044939257046148723}
  m_PrefabAsset: {fileID: 0}
  serializedVersion: 6
  m_Component:
  - component: {fileID: 7283103081406403394}
  - component: {fileID: 1893641907873828247}
  m_Layer: 0
  m_Name: flyingGoal
  m_TagString: Untagged
  m_Icon: {fileID: 0}
  m_NavMeshLayer: 0
  m_StaticEditorFlags: 0
  m_IsActive: 1
--- !u!4 &7283103081406403394
Transform:
  m_ObjectHideFlags: 0
  m_CorrespondingSourceObject: {fileID: 7272624080514799462, guid: b82f1da022a6c3a43b8a7d7cd416f4b1,
    type: 3}
  m_PrefabInstance: {fileID: 6044939257046148723}
  m_PrefabAsset: {fileID: 0}
  m_GameObject: {fileID: 1893641907873828246}
  m_LocalRotation: {x: 0, y: 0, z: 0, w: 1}
  m_LocalPosition: {x: 132.7, y: 35, z: 604.5}
  m_LocalScale: {x: 10, y: 10, z: 1}
  m_Children:
  - {fileID: 5150608020799250938}
  - {fileID: 3656828916522527274}
  - {fileID: 2825389756662729599}
  - {fileID: 295203705359814639}
  m_Father: {fileID: 0}
  m_RootOrder: 0
  m_LocalEulerAnglesHint: {x: 0, y: 0, z: 0}
--- !u!114 &1893641907873828247
MonoBehaviour:
  m_ObjectHideFlags: 0
  m_CorrespondingSourceObject: {fileID: 0}
  m_PrefabInstance: {fileID: 0}
  m_PrefabAsset: {fileID: 0}
  m_GameObject: {fileID: 1893641907873828246}
  m_Enabled: 1
  m_EditorHideFlags: 0
  m_Script: {fileID: 11500000, guid: 224a2b1fb8dd31b4faa342b46eb5f687, type: 3}
  m_Name: 
  m_EditorClassIdentifier: 
  goalNumber: 0
--- !u!1 &4944914787009132071
GameObject:
  m_ObjectHideFlags: 0
  m_CorrespondingSourceObject: {fileID: 4999162124434420227, guid: b82f1da022a6c3a43b8a7d7cd416f4b1,
    type: 3}
  m_PrefabInstance: {fileID: 6044939257046148723}
  m_PrefabAsset: {fileID: 0}
  serializedVersion: 6
  m_Component:
  - component: {fileID: 2825389756662729599}
  - component: {fileID: 6398544959876242733}
  - component: {fileID: 212158932553611166}
  - component: {fileID: 1461146148513371806}
  m_Layer: 0
  m_Name: Capsule (1)
  m_TagString: Untagged
  m_Icon: {fileID: 0}
  m_NavMeshLayer: 0
  m_StaticEditorFlags: 0
  m_IsActive: 1
--- !u!4 &2825389756662729599
Transform:
  m_ObjectHideFlags: 0
  m_CorrespondingSourceObject: {fileID: 2795195743485923163, guid: b82f1da022a6c3a43b8a7d7cd416f4b1,
    type: 3}
  m_PrefabInstance: {fileID: 6044939257046148723}
  m_PrefabAsset: {fileID: 0}
  m_GameObject: {fileID: 4944914787009132071}
  m_LocalRotation: {x: -0, y: -0, z: -0, w: 1}
  m_LocalPosition: {x: 4, y: -1, z: 0}
  m_LocalScale: {x: 0.5, y: 2, z: 0.5}
  m_Children: []
  m_Father: {fileID: 7283103081406403394}
  m_RootOrder: 2
  m_LocalEulerAnglesHint: {x: 0, y: 0, z: 0}
--- !u!33 &6398544959876242733
MeshFilter:
  m_ObjectHideFlags: 0
  m_CorrespondingSourceObject: {fileID: 6427613064397019401, guid: b82f1da022a6c3a43b8a7d7cd416f4b1,
    type: 3}
  m_PrefabInstance: {fileID: 6044939257046148723}
  m_PrefabAsset: {fileID: 0}
  m_GameObject: {fileID: 4944914787009132071}
  m_Mesh: {fileID: 10208, guid: 0000000000000000e000000000000000, type: 0}
--- !u!23 &212158932553611166
MeshRenderer:
  m_ObjectHideFlags: 0
  m_CorrespondingSourceObject: {fileID: 220385936038032314, guid: b82f1da022a6c3a43b8a7d7cd416f4b1,
    type: 3}
  m_PrefabInstance: {fileID: 6044939257046148723}
  m_PrefabAsset: {fileID: 0}
  m_GameObject: {fileID: 4944914787009132071}
  m_Enabled: 1
  m_CastShadows: 1
  m_ReceiveShadows: 1
  m_DynamicOccludee: 1
  m_MotionVectors: 1
  m_LightProbeUsage: 1
  m_ReflectionProbeUsage: 1
  m_RenderingLayerMask: 1
  m_RendererPriority: 0
  m_Materials:
  - {fileID: 2100000, guid: a0d41ddb82dd734499773ddca95e655f, type: 2}
  m_StaticBatchInfo:
    firstSubMesh: 0
    subMeshCount: 0
  m_StaticBatchRoot: {fileID: 0}
  m_ProbeAnchor: {fileID: 0}
  m_LightProbeVolumeOverride: {fileID: 0}
  m_ScaleInLightmap: 1
  m_PreserveUVs: 0
  m_IgnoreNormalsForChartDetection: 0
  m_ImportantGI: 0
  m_StitchLightmapSeams: 0
  m_SelectedEditorRenderState: 3
  m_MinimumChartSize: 4
  m_AutoUVMaxDistance: 0.5
  m_AutoUVMaxAngle: 89
  m_LightmapParameters: {fileID: 0}
  m_SortingLayerID: 0
  m_SortingLayer: 0
  m_SortingOrder: 0
--- !u!136 &1461146148513371806
CapsuleCollider:
  m_ObjectHideFlags: 0
  m_CorrespondingSourceObject: {fileID: 1565073531674333882, guid: b82f1da022a6c3a43b8a7d7cd416f4b1,
    type: 3}
  m_PrefabInstance: {fileID: 6044939257046148723}
  m_PrefabAsset: {fileID: 0}
  m_GameObject: {fileID: 4944914787009132071}
  m_Material: {fileID: 0}
  m_IsTrigger: 0
  m_Enabled: 1
  m_Radius: 0.5
  m_Height: 2
  m_Direction: 1
  m_Center: {x: 0, y: 0, z: 0}
--- !u!1 &5470519238158028807
GameObject:
  m_ObjectHideFlags: 0
  m_CorrespondingSourceObject: {fileID: 5338026667444589603, guid: b82f1da022a6c3a43b8a7d7cd416f4b1,
    type: 3}
  m_PrefabInstance: {fileID: 6044939257046148723}
  m_PrefabAsset: {fileID: 0}
  serializedVersion: 6
  m_Component:
  - component: {fileID: 295203705359814639}
  - component: {fileID: 6326923890528243319}
  - component: {fileID: 8816429383206644515}
  - component: {fileID: 4629570607975387286}
  m_Layer: 0
  m_Name: Capsule (2)
  m_TagString: Untagged
  m_Icon: {fileID: 0}
  m_NavMeshLayer: 0
  m_StaticEditorFlags: 0
  m_IsActive: 1
--- !u!4 &295203705359814639
Transform:
  m_ObjectHideFlags: 0
  m_CorrespondingSourceObject: {fileID: 425463236684975051, guid: b82f1da022a6c3a43b8a7d7cd416f4b1,
    type: 3}
  m_PrefabInstance: {fileID: 6044939257046148723}
  m_PrefabAsset: {fileID: 0}
  m_GameObject: {fileID: 5470519238158028807}
  m_LocalRotation: {x: -0, y: -0, z: 0.7071068, w: 0.7071068}
  m_LocalPosition: {x: 2, y: -3, z: 0}
  m_LocalScale: {x: 0.5, y: 2, z: 0.5}
  m_Children: []
  m_Father: {fileID: 7283103081406403394}
  m_RootOrder: 3
  m_LocalEulerAnglesHint: {x: 0, y: 0, z: 90}
--- !u!33 &6326923890528243319
MeshFilter:
  m_ObjectHideFlags: 0
  m_CorrespondingSourceObject: {fileID: 6211296741541481043, guid: b82f1da022a6c3a43b8a7d7cd416f4b1,
    type: 3}
  m_PrefabInstance: {fileID: 6044939257046148723}
  m_PrefabAsset: {fileID: 0}
  m_GameObject: {fileID: 5470519238158028807}
  m_Mesh: {fileID: 10208, guid: 0000000000000000e000000000000000, type: 0}
--- !u!23 &8816429383206644515
MeshRenderer:
  m_ObjectHideFlags: 0
  m_CorrespondingSourceObject: {fileID: 8909656542401818375, guid: b82f1da022a6c3a43b8a7d7cd416f4b1,
    type: 3}
  m_PrefabInstance: {fileID: 6044939257046148723}
  m_PrefabAsset: {fileID: 0}
  m_GameObject: {fileID: 5470519238158028807}
  m_Enabled: 1
  m_CastShadows: 1
  m_ReceiveShadows: 1
  m_DynamicOccludee: 1
  m_MotionVectors: 1
  m_LightProbeUsage: 1
  m_ReflectionProbeUsage: 1
  m_RenderingLayerMask: 1
  m_RendererPriority: 0
  m_Materials:
  - {fileID: 2100000, guid: a0d41ddb82dd734499773ddca95e655f, type: 2}
  m_StaticBatchInfo:
    firstSubMesh: 0
    subMeshCount: 0
  m_StaticBatchRoot: {fileID: 0}
  m_ProbeAnchor: {fileID: 0}
  m_LightProbeVolumeOverride: {fileID: 0}
  m_ScaleInLightmap: 1
  m_PreserveUVs: 0
  m_IgnoreNormalsForChartDetection: 0
  m_ImportantGI: 0
  m_StitchLightmapSeams: 0
  m_SelectedEditorRenderState: 3
  m_MinimumChartSize: 4
  m_AutoUVMaxDistance: 0.5
  m_AutoUVMaxAngle: 89
  m_LightmapParameters: {fileID: 0}
  m_SortingLayerID: 0
  m_SortingLayer: 0
  m_SortingOrder: 0
--- !u!136 &4629570607975387286
CapsuleCollider:
  m_ObjectHideFlags: 0
  m_CorrespondingSourceObject: {fileID: 4738001539098416306, guid: b82f1da022a6c3a43b8a7d7cd416f4b1,
    type: 3}
  m_PrefabInstance: {fileID: 6044939257046148723}
  m_PrefabAsset: {fileID: 0}
  m_GameObject: {fileID: 5470519238158028807}
  m_Material: {fileID: 0}
  m_IsTrigger: 0
  m_Enabled: 1
  m_Radius: 0.5
  m_Height: 2
  m_Direction: 1
  m_Center: {x: 0, y: 0, z: 0}
--- !u!1 &7263231341704590846
GameObject:
  m_ObjectHideFlags: 0
  m_CorrespondingSourceObject: {fileID: 7292283099680371162, guid: b82f1da022a6c3a43b8a7d7cd416f4b1,
    type: 3}
  m_PrefabInstance: {fileID: 6044939257046148723}
  m_PrefabAsset: {fileID: 0}
  serializedVersion: 6
  m_Component:
  - component: {fileID: 5150608020799250938}
  - component: {fileID: 5427296005494440007}
  - component: {fileID: 3420136143667001078}
  - component: {fileID: 1099301386477163838}
  m_Layer: 0
  m_Name: Capsule
  m_TagString: Untagged
  m_Icon: {fileID: 0}
  m_NavMeshLayer: 0
  m_StaticEditorFlags: 0
  m_IsActive: 1
--- !u!4 &5150608020799250938
Transform:
  m_ObjectHideFlags: 0
  m_CorrespondingSourceObject: {fileID: 5081722906564961758, guid: b82f1da022a6c3a43b8a7d7cd416f4b1,
    type: 3}
  m_PrefabInstance: {fileID: 6044939257046148723}
  m_PrefabAsset: {fileID: 0}
  m_GameObject: {fileID: 7263231341704590846}
  m_LocalRotation: {x: 0, y: 0, z: 0.7071068, w: 0.7071068}
  m_LocalPosition: {x: 2, y: 1, z: 0}
  m_LocalScale: {x: 0.5, y: 2, z: 0.5}
  m_Children: []
  m_Father: {fileID: 7283103081406403394}
  m_RootOrder: 0
  m_LocalEulerAnglesHint: {x: 0, y: 0, z: 90}
--- !u!33 &5427296005494440007
MeshFilter:
  m_ObjectHideFlags: 0
  m_CorrespondingSourceObject: {fileID: 5381496224537232483, guid: b82f1da022a6c3a43b8a7d7cd416f4b1,
    type: 3}
  m_PrefabInstance: {fileID: 6044939257046148723}
  m_PrefabAsset: {fileID: 0}
  m_GameObject: {fileID: 7263231341704590846}
  m_Mesh: {fileID: 10208, guid: 0000000000000000e000000000000000, type: 0}
--- !u!23 &3420136143667001078
MeshRenderer:
  m_ObjectHideFlags: 0
  m_CorrespondingSourceObject: {fileID: 3353362065870795474, guid: b82f1da022a6c3a43b8a7d7cd416f4b1,
    type: 3}
  m_PrefabInstance: {fileID: 6044939257046148723}
  m_PrefabAsset: {fileID: 0}
  m_GameObject: {fileID: 7263231341704590846}
  m_Enabled: 1
  m_CastShadows: 1
  m_ReceiveShadows: 1
  m_DynamicOccludee: 1
  m_MotionVectors: 1
  m_LightProbeUsage: 1
  m_ReflectionProbeUsage: 1
  m_RenderingLayerMask: 1
  m_RendererPriority: 0
  m_Materials:
  - {fileID: 2100000, guid: a0d41ddb82dd734499773ddca95e655f, type: 2}
  m_StaticBatchInfo:
    firstSubMesh: 0
    subMeshCount: 0
  m_StaticBatchRoot: {fileID: 0}
  m_ProbeAnchor: {fileID: 0}
  m_LightProbeVolumeOverride: {fileID: 0}
  m_ScaleInLightmap: 1
  m_PreserveUVs: 0
  m_IgnoreNormalsForChartDetection: 0
  m_ImportantGI: 0
  m_StitchLightmapSeams: 0
  m_SelectedEditorRenderState: 3
  m_MinimumChartSize: 4
  m_AutoUVMaxDistance: 0.5
  m_AutoUVMaxAngle: 89
  m_LightmapParameters: {fileID: 0}
  m_SortingLayerID: 0
  m_SortingLayer: 0
  m_SortingOrder: 0
--- !u!136 &1099301386477163838
CapsuleCollider:
  m_ObjectHideFlags: 0
  m_CorrespondingSourceObject: {fileID: 1062509156970369306, guid: b82f1da022a6c3a43b8a7d7cd416f4b1,
    type: 3}
  m_PrefabInstance: {fileID: 6044939257046148723}
  m_PrefabAsset: {fileID: 0}
  m_GameObject: {fileID: 7263231341704590846}
  m_Material: {fileID: 0}
  m_IsTrigger: 0
  m_Enabled: 1
  m_Radius: 0.5
  m_Height: 2
  m_Direction: 1
  m_Center: {x: 0, y: 0, z: 0}
--- !u!1001 &6044939257046148723
PrefabInstance:
  m_ObjectHideFlags: 0
  serializedVersion: 2
  m_Modification:
    m_TransformParent: {fileID: 0}
    m_Modifications:
    - target: {fileID: 1997588274807146930, guid: b82f1da022a6c3a43b8a7d7cd416f4b1,
        type: 3}
      propertyPath: m_Name
      value: flyingGoal
      objectReference: {fileID: 0}
    - target: {fileID: 7272624080514799462, guid: b82f1da022a6c3a43b8a7d7cd416f4b1,
        type: 3}
      propertyPath: m_LocalPosition.x
      value: 132.7
      objectReference: {fileID: 0}
    - target: {fileID: 7272624080514799462, guid: b82f1da022a6c3a43b8a7d7cd416f4b1,
        type: 3}
      propertyPath: m_LocalPosition.y
      value: 35
      objectReference: {fileID: 0}
    - target: {fileID: 7272624080514799462, guid: b82f1da022a6c3a43b8a7d7cd416f4b1,
        type: 3}
      propertyPath: m_LocalPosition.z
      value: 604.5
      objectReference: {fileID: 0}
    - target: {fileID: 7272624080514799462, guid: b82f1da022a6c3a43b8a7d7cd416f4b1,
        type: 3}
      propertyPath: m_LocalRotation.x
      value: 0
      objectReference: {fileID: 0}
    - target: {fileID: 7272624080514799462, guid: b82f1da022a6c3a43b8a7d7cd416f4b1,
        type: 3}
      propertyPath: m_LocalRotation.y
      value: 0
      objectReference: {fileID: 0}
    - target: {fileID: 7272624080514799462, guid: b82f1da022a6c3a43b8a7d7cd416f4b1,
        type: 3}
      propertyPath: m_LocalRotation.z
      value: 0
      objectReference: {fileID: 0}
    - target: {fileID: 7272624080514799462, guid: b82f1da022a6c3a43b8a7d7cd416f4b1,
        type: 3}
      propertyPath: m_LocalRotation.w
      value: 1
      objectReference: {fileID: 0}
    - target: {fileID: 7272624080514799462, guid: b82f1da022a6c3a43b8a7d7cd416f4b1,
        type: 3}
      propertyPath: m_RootOrder
      value: 9
      objectReference: {fileID: 0}
    - target: {fileID: 7272624080514799462, guid: b82f1da022a6c3a43b8a7d7cd416f4b1,
        type: 3}
      propertyPath: m_LocalEulerAnglesHint.x
      value: 0
      objectReference: {fileID: 0}
    - target: {fileID: 7272624080514799462, guid: b82f1da022a6c3a43b8a7d7cd416f4b1,
        type: 3}
      propertyPath: m_LocalEulerAnglesHint.y
      value: 0
      objectReference: {fileID: 0}
    - target: {fileID: 7272624080514799462, guid: b82f1da022a6c3a43b8a7d7cd416f4b1,
        type: 3}
      propertyPath: m_LocalEulerAnglesHint.z
      value: 0
      objectReference: {fileID: 0}
    m_RemovedComponents: []
  m_SourcePrefab: {fileID: 100100000, guid: b82f1da022a6c3a43b8a7d7cd416f4b1, type: 3}
